<record><leader>00000cas a2200000 a 4500</leader><controlfield tag="001">27016692</controlfield><controlfield tag="008">921123d187u1903iluwr ne      0    0eng c</controlfield><datafield ind1=" " ind2=" " tag="010"><subfield code="a">sn 92053400 </subfield></datafield><datafield ind1=" " ind2=" " tag="040"><subfield code="a">NVF</subfield><subfield code="b">eng</subfield><subfield code="c">NVF</subfield><subfield code="d">NVK</subfield><subfield code="d">OCLCQ</subfield><subfield code="d">CVF</subfield><subfield code="d">NVF</subfield><subfield code="d">OCLCQ</subfield><subfield code="d">OCLCF</subfield><subfield code="d">OCLCO</subfield></datafield><datafield ind1="1" ind2=" " tag="029"><subfield code="a">AU@</subfield><subfield code="b">000020744052</subfield></datafield><datafield ind1=" " ind2=" " tag="042"><subfield code="a">pcc</subfield></datafield><datafield ind1=" " ind2=" " tag="043"><subfield code="a">n-us-il</subfield></datafield><datafield ind1="0" ind2="0" tag="245"><subfield code="a">Sycamore city weekly.</subfield></datafield><datafield ind1=" " ind2=" " tag="260"><subfield code="a">Sycamore, DeKalb Co., Ill. :</subfield><subfield code="b">Hix &amp; Van Calder,</subfield><subfield code="c">-1903.</subfield></datafield><datafield ind1=" " ind2=" " tag="300"><subfield code="a">v.</subfield></datafield><datafield ind1=" " ind2=" " tag="310"><subfield code="a">Weekly</subfield></datafield><datafield ind1="1" ind2=" " tag="362"><subfield code="a">Ceased in Jan. 1903.</subfield></datafield><datafield ind1=" " ind2=" " tag="500"><subfield code="a">"Devoted to the interests of city, farm and fireside."</subfield></datafield><datafield ind1=" " ind2=" " tag="530"><subfield code="a">Available on microfilm from the Illinois State Historical Library.</subfield></datafield><datafield ind1=" " ind2=" " tag="580"><subfield code="a">Merged with: Sycamore advertiser, to form: Twin-city daily tribune (Sycamore, Ill. : Weekly).</subfield></datafield><datafield ind1=" " ind2=" " tag="588"><subfield code="a">Description based on: Vol. 7, no. 25 (Mar. 4, 1879).</subfield></datafield><datafield ind1=" " ind2=" " tag="588"><subfield code="a">Latest issue consulted: Dec. 31, 1902.</subfield></datafield><datafield ind1=" " ind2="0" tag="651"><subfield code="a">Sycamore (Ill.)</subfield><subfield code="v">Newspapers.</subfield></datafield><datafield ind1=" " ind2="0" tag="651"><subfield code="a">De Kalb County (Ill.)</subfield><subfield code="v">Newspapers.</subfield></datafield><datafield ind1=" " ind2="7" tag="655"><subfield code="a">Newspapers.</subfield><subfield code="2">fast</subfield><subfield code="0">(OCoLC)fst01423814</subfield></datafield><datafield ind1=" " ind2="7" tag="651"><subfield code="a">Illinois</subfield><subfield code="z">De Kalb County.</subfield><subfield code="2">fast</subfield><subfield code="0">(OCoLC)fst01208068</subfield></datafield><datafield ind1=" " ind2="7" tag="651"><subfield code="a">Illinois</subfield><subfield code="z">Sycamore.</subfield><subfield code="2">fast</subfield><subfield code="0">(OCoLC)fst01221238</subfield></datafield><datafield ind1=" " ind2=" " tag="752"><subfield code="a">United States</subfield><subfield code="b">Illinois</subfield><subfield code="c">De Kalb</subfield><subfield code="d">Sycamore.</subfield></datafield><datafield ind1="0" ind2="0" tag="780"><subfield code="t">City weekly (Sycamore, Ill.)</subfield><subfield code="w">(DLC)sn 85034190</subfield><subfield code="w">(OCoLC)12540993</subfield></datafield><datafield ind1="1" ind2="7" tag="785"><subfield code="t">Sycamore advertiser</subfield><subfield code="w">(DLC)sn 88086065</subfield><subfield code="w">(OCoLC)17555137</subfield></datafield><datafield ind1="1" ind2="7" tag="785"><subfield code="t">Twin-city daily tribune (Sycamore, Ill. : Weekly)</subfield><subfield code="w">(DLC)sn 92053401</subfield><subfield code="w">(OCoLC)27016958</subfield></datafield></record>